@book{Tusker,
	title = {Efficient Data Race Detection of Structured Task Parallel
	Programs Using Vector Clocks},
	author = {Shivam Kumar{,} Anupam Agrawal{,} Swarnendu Biswas},
	isbn = {},
	series = {Submitted to OOPSLA conference on Object-Oriented Programming, 2021}
}