@article{lim:etal:kdtei:2016,
 title = {Digitising a machine-tractable version of {K}amus {D}ewan with \textsc{tei-p5}},
 author = {Lim, Lian Tze and Chiew, Ruoh Tau and Tang, Enya Kong and Rusli, Abdul Ghani and Naimah, Yusof},
 year = {2016},s
 keywords = {Machine-tractable dictionaries, TEI, Language resources, Bahasa Malaysia},
 volume = {4},
 pages = {e2205v1},
 journal = {PeerJ Preprints},
 issn = {2167-9843},
 url = {https://doi.org/10.7287/peerj.preprints.2205v1},
 doi = {10.7287/peerj.preprints.2205v1},
}